@ARTICLE{TightAuthBounds,
  author={Naor, Moni and Segev, Gil and Smith, Adam},
  journal={IEEE Transactions on Information Theory},
  title={Tight Bounds for Unconditional Authentication Protocols in the Manual Channel and Shared Key Models},
  year={2008},  volume={54},  number={6},  pages={2408-2425},  doi={10.1109/TIT.2008.921691}}
